@misc{prefork,
	title={Apache MPM prefork},
	howpublished={[Электронный ресурс]. ~--- Режим доступа:
	\url{https://httpd.apache.org/docs/current/mod/prefork.html} (дата обращения: 10.12.24).}
}

@misc{epoll,
	title={MAN epoll},
	howpublished={[Электронный ресурс]. ~--- Режим доступа:
	\url{https://www.opennet.ru/man.shtml?topic=epoll} (дата обращения: 10.12.24).}
}